% Encoding: UTF-8
@book{intro_to_machine_learning,
    author    = {Alpayding, E.},
    title     = {Introduction to Machine Learning},
    publisher = {Dover},
    year      = {2014}
}

@article{delta_p, 
author={Schutze, O. and Esquivel, X. and Lara, A. and Coello, C.}, 
journal={IEEE Transactions on Evolutionary Computation}, 
title={Using the {A}veraged {H}ausdorff {D}istance as a {P}erformance {M}easure in {E}volutionary {M}ultiobjective {O}ptimization}, 
year={2012}, 
volume={16}, 
number={4}, 
pages={504-522}, 
}

@conference{cell_mapping2,
	author = {Hernandez, C. and Sc\"utze, O. and Sun J.},
	title = {Computing the {S}et of {A}pproximate {S}olutions of a {M}ulti-objective {O}ptimization {P}roblem by {M}eans of {C}ell {M}apping {T}echniques},
	booktitle = {EVOLVE - A Bridge between Probability, Set Oriented Numerics and Evolutionary Computation},
    volume   = {4},
    series   = {Advances in Intelligent Systems and Computing},
    pages    = {171-188},
    year      = {2013},
    publisher= {Springer}
}

@incollection{ibea,
author={Zitzler, E. and K\"{u}nzli, S.},
title={Indicator-{B}ased {S}election in {M}ultiobjective {S}earch},
booktitle={Parallel Problem Solving from Nature - PPSN VIII},
volume={3242},
series={Lecture Notes in Computer Science},
editor={Yao, Xin and Burke, Edmund K. and Lozano, Jos\'e A. and Smith, Jim and Merelo-Guerv\'os, Juan Juli\'an and Bullinaria, John A. and Rowe, Jonathan E. and Ti\~no, Peter and Kab\'an, Ata and Schwefel, Hans-Paul},
publisher={Springer Berlin Heidelberg},
pages={832-842},
year={2004},
}

@techreport{landing_gear_sun,
    author    = {Sun, J. and et al.},
    title     = {Aircraft Landing Gear Control with Multi-Objective Optimization Using Generalized Cell Mapping},
    institution = {School of Engineering, University of California, Merced, CA 95343, USA},
    year      = {2015}
}

@techreport{landing_gear_naca,
    author    = {Fl\"ugge, W.},
    title     = {Landing-Gear Impact},
    institution = {National Advisory Comitee for Aeronautics},
    year      = {1952}
}

@unpublished{predictive_controllers,
	author	= {Gutierrez, R.  and Valencia, G.  and Rodr\'iguez, O. and Trujillo, L.},
	title	= {Systematic {S}election of {T}uning {P}arameters for {E}fficient {P}redictive {C}ontrollers using a {M}ulti-objective {E}volutionary {A}lgorithm},
	year	= {2014},
	note = {Unpublished}
}

@misc{flops_wikipedia,
  title = {FLOPS Definition},
  howpublished = {\url{https://en.wikipedia.org/wiki/FLOPS}},
  note = {Accessed: 2017}
}

@misc{peak_theoretical_performance,
  title = {How to calculate peak theoretical performance of a CPU-based HPC system},
  howpublished = {\url{http://www.novatte.com/our-blog/197-how-to-calculate-peak-theoretical-performance-of-a-cpu-based-hpc-system}},
  note = {Accessed: 2017}
}

@misc{cpu_tech_specs,
  title = {Intel Cor i7-7700K Processor, Technical Specifications},
  howpublished = {\url{https://ark.intel.com/products/97129/Intel-Core-i7-7700K-Processor-8M-Cache-up-to-4_50-GHz}},
  note = {Accessed: 2017}
}

@misc{gpu_tech_specs,
  title = {NVIDIA GeForce GTX 1080-ti, Technical Specifications},
  howpublished = {\url{https://www.nvidia.com/en-us/geforce/products/10series/geforce-gtx-1080-ti/}},
  note = {Accessed: 2017}
}

@misc{determine_number_flops_cpu,
  title = {How to determine the amount of FLOPs my computer is capable of},
  howpublished = {\url{https://scicomp.stackexchange.com/questions/11306/how-to-determine-the-amount-of-flops-my-computer-is-capable-of}},
  note = {Accessed: 2017}
}

@misc{gpu_flops,
  title = {Console GPU Power Compared: Ranking Systems By FLOPS},
  howpublished = {\url{https://www.gamespot.com/gallery/console-gpu-power-compared-ranking-systems-by-flop/2900-1334/}},
  note = {Accessed: 2017}
}

@misc{ann_wikipedia,
  title = {Artificial Neural Network -Wikipedia},
  howpublished = {\url{https://en.wikipedia.org/wiki/Artificial_neural_network}},
  note = {Accessed: 2017}
}

@misc{ann_scikit,
  title = {Artificial Neural Network -Scikit Learn},
  howpublished = {\url{http://scikit-learn.org/stable/modules/neural_networks_supervised.html#}},
  note = {Accessed: 2017}
}

@misc{anomaly_scikit,
  title = {Anomaly Detection -Scikit Learn},
  howpublished = {\url{http://scikit-learn.org/stable/modules/outlier_detection.html}},
  note = {Accessed: 2017}
}

@mastersthesis{pareto_tracer,
    author    = {Martin, A.},
    title     = {Pareto {T}racer: A {P}redictor {C}orrector {M}ethod for {M}ulti-objective {O}ptmization {P}roblems},
    school    = {Computer Science Department at CINVESTAV Zacatenco},
    year      = {2014}
}

@phdthesis{k_witting,
    author    = {Witting, K.},
    title     = {Numerical {A}lgorithms for the {T}reatment of {P}arametric {M}ulti-objective {O}ptimization {P}roblems and {A}pplications},
    school    = {Universit\"{a}t Padderborn},
    year      = {Febraury, 2012}
}
@Misc{hvac_energy_use_us,
  title        = {Energy Use in Commercial Building in the U.S.},
  howpublished = {\url{https://www.eia.gov/energyexplained/index.cfm?page=us_energy_commercial#tab2}},
  year         = {2012},
}

@Comment{jabref-meta: databaseType:bibtex;}
