% Encoding: UTF-8

@PhdThesis{wu_thesis,
  author = {Siyu Wu},
  title  = {System-Level Monitoring And Diagnosis of Building HVAC System},
  school = {University of California, Merced},
  year   = {2014},
}

@Misc{us_energy_usage,
  author       = {U.S. Energy Information Administration},
  title        = {How the United States uses energy},
  howpublished = {\url{https://www.eia.gov/energyexplained/index.cfm?page=us_energy_use}},
  year         = {2016},
}

@Misc{residential_energy_use_us,
  author       = {U.S. Energy Information Administration},
  title        = {Energy use in homes},
  howpublished = {\url{https://www.eia.gov/energyexplained/index.cfm?page=us_energy_homes}},
  year         = {2009},
}

@Misc{commericial_energy_use_us,
  author       = {U.S. Energy Information Administration},
  title        = {Energy use in commercial buildings},
  howpublished = {\url{https://www.eia.gov/energyexplained/index.cfm?page=us_energy_commercial}},
  year         = {2012},
}

@Article{schein1,
  author  = {Schein, J. and Bushby, S. T. and Castro, N. S. and House, J. M.},
  title   = {A rule-based fault detection method for air handling units},
  journal = {Energy and Buildings},
  year    = {2006},
  volume  = {38},
  number  = {12},
  pages   = {1845-1492},
}

@MastersThesis{wei_thesis,
  author = {Wei Liang},
  title  = {Modeling and Control of AHUs in Building HVAC System},
  school = {School of Engineering, University of California, Merced},
  year   = {2014},
}

@Article{fault_detection_mechanical1,
  author  = {Adam Papadimitropoulos and George A. Rovithakis and Thomas Parisini},
  title   = {Fault Detection in Mechanical Systems With Friction Phenomena: An Online Neural Approximation Approach},
  journal = {IEEE Transactions on Neural Networks},
  year    = {2007},
  volume  = {18},
  number  = {4},
  pages   = {1067-1082},
}

@InProceedings{fault_detection_ann1,
  author    = {G. Silvestri and F. Bini Verona and M. Innocenti and M. Napolitano},
  title     = {Fault Detection Using Neural Networks},
  booktitle = {1994 IEEE World Congress on Computational Intelligence},
  year      = {1994},
  volume    = {6},
  pages     = {3796-3799},
  journal   = {Neural Networks},
}

@Article{model_fault_detection1,
  author  = {J. Liang and R. Du},
  title   = {Model-based Fault Detection and Diagnosis of HVAC systems using Support Vector Machine method},
  journal = {International Journal of Refrigeration},
  year    = {2007},
  volume  = {30},
  pages   = {1104-1114},
}

@Article{fault_diagnosis_refrigerant,
  author  = {S.A. Tassou and I.N Grace},
  title   = {Fault diagnosis and refrigerant leak detection in vapour compression refrigeration systems},
  journal = {International Journal of Refrigeration},
  year    = {2005},
  volume  = {28},
  pages   = {680-688},
}

@Article{fault_diagnosis_ahu,
  author  = {Won-Yong Lee and John M. House and Nam-Ho Kyong},
  title   = {Subsystem level fault diagnosis of a building's air-handling unit using general regression neural networks},
  journal = {Applied Energy},
  year    = {2004},
  volume  = {77},
  pages   = {153-170},
}

@Article{cmeans_fault_detection,
  author  = {Soheil Bahrampour and Behzad Moshiri and Karim Salahshoor},
  title   = {Weighted and constrained possibilistic C-means clustering for online fault detection and isolation},
  journal = {Applied Intelligence},
  year    = {2011},
  volume  = {35},
  number  = {2},
  pages   = {269-284},
}

@TechReport{bacnet_protocol,
  author      = {ASHRAE},
  title       = {{BAC}net--{A} Data Communication Protocol for Building Automation and Control Networks ({ANSI} Approved)},
  institution = {American Society of Heating, Refrigerating and Air-Conditioning Engineers (ASHRAE)},
  year        = {2016},
  type        = {Standard},
  key         = {Standard 135-2016},
}

@Comment{jabref-meta: databaseType:bibtex;}
